@inproceedings{morabito2015hypervisors,
  title={Hypervisors vs. lightweight virtualization: a performance comparison},
  author={Morabito, Roberto and Kj{\"a}llman, Jimmy and Komu, Miika},
  booktitle={Cloud Engineering (IC2E), 2015 IEEE International Conference on},
  pages={386--393},
  year={2015},
  organization={IEEE}
}

@inproceedings{zhao2017performance,
  title={Performance of Container Networking Technologies},
  author={Zhao, Yang and Xia, Nai and Tian, Chen and Li, Bo and Tang, Yizhou and Wang, Yi and Zhang, Gong and Li, Rui and Liu, Alex X},
  booktitle={Proceedings of the Workshop on Hot Topics in Container Networking and Networked Systems},
  pages={1--6},
  year={2017},
  organization={ACM}
}

@inproceedings{yu2016freeflow,
  title={Freeflow: High performance container networking},
  author={Yu, Tianlong and Noghabi, Shadi Abdollahian and Raindel, Shachar and Liu, Hongqiang and Padhye, Jitu and Sekar, Vyas},
  booktitle={Proceedings of the 15th ACM Workshop on Hot Topics in Networks},
  pages={43--49},
  year={2016},
  organization={ACM}
}

@misc{qperf,
  author = {Johann George},
  title = {{qperf-Man page}},
  howpublished = "\url{https://linux.die.net/man/1/qperf}",
}

@misc{netperf,
  title = {{netperf- manual page}},
  howpublished = "\url{https://hewlettpackard.github.io/netperf/doc/netperf.html}",
}
